@ONLINE{garmin-lidar,
    publisher = {Garmin Blog.},
    title = {Garmin on Mars.},
    date = {2021/2023}, 
    url = {https://www.garmin.com/en-US/blog/general/garmin-on-mars/},
    urldate = {2023-03-15},
    langid = {english}
}

@MANUAL{vl53l1x,
  title        = {A new generation, long distance ranging Time-of-Flight sensor
based on STâ€™s FlightSense technology},
  year         = {2022},
  number       = {vl53l1x},
  note         = {Rev. 6},
  organization = {STMicroelectronics},
  url          = {https://www.st.com/resource/en/datasheet/vl53l1x.pdf},
  urldate      = {2022-06-24}
}

@MANUAL{um2510,
  title        = {A guide to using the VL53L1X ultra lite driver},
  year         = {2021},
  number       = {UM2510},
  note         = {Rev. 6},
  organization = {STMicroelectronics},
  url          = {https://www.st.com/resource/en/user_manual/um2510-a-guide-to-using-the-vl53l1x-ultra-lite-driver-stmicroelectronics.pdf},
  urldate      = {2022-09-21}
}

@MISC{rofi-github,
  author = {ParaDiSe FI},
  title = {RoFI - Metamorphic Distributed Robots},
  url = {https://github.com/paradise-fi/RoFI},
  urldate = {2023-04-23}
}