@misc{Bemthesis,
AUTHOR = "Bém, Petr",
TITLE = "Firmware for RoFICoM [online]",
YEAR = " [cit. 2023-05-18]",
TYPE = "Bachelor's thesis",
SCHOOL = "Masaryk University, Faculty of Informatics, Brno",
NOTE = "SUPERVISOR : Jan Mrázek",
URL = "https://is.muni.cz/th/plbdk/",
}